@book{Beesley2003,
	author 		= {Kenneth R. Beesley and Lauri Karttunen},
	title  		= {Finite State Morphology},
	publisher 	= {CSLI Publications},
	year 		= 2003
}

@Article{Miller-90,
  author =   {G. Miller},
  title =    {Special Issue on {WordNet}},
  journal =  {International Journal of
              Lexicography},
  year =     {1990},
  volume =   {3(4)},
}

@book{Aho72,
  author = {Alfred~V. Aho and Jeffrey~D. Ullman},
  title = {The Theory of Parsing, Translation and Compiling},
  volume = {1},
  publisher = {Prentice-{Hall}, Englewood Cliffs, NJ.},
  year = 1972
}

@book{Gusfield97,
  author = {Dan Gusfield},
  title = {Algorithms on Strings, Trees and Sequences},
  publisher = {Cambridge University Press, Cambridge, UK.},
  year = 1997
}

@book{APA83,
  author = {{American~Psychological~Association}},
  title = {Publications Manual},
  publisher = {American Psychological Association, Washington, DC.},
  year = 1983
}

@book{ACM83,
  author = {{Association~for~Computing~Machinery}},
  title = {Computing Reviews},
  volume = {24},
  issue = {11},
  pages = {503--512},
  publisher={Association~for~Computing~Machinery},
  year = 1983
}

@article{Chandra81,
  author = {Ashok~K. Chandra and Dexter~C. Kozen and Larry~J. Stockmeyer},
  title = {Alternation},
  journal = {Journal of the Association for Computing Machinery},
  volume = {28},
  number = {1},
  pages = {114--133},
  year = 1981
}
